@article{Dahl_2024,
    author    = {Dahl, Matthew and Magesh, Varun and Suzgun, Mirac and Ho, Daniel E},
    doi       = {10.1093/jla/laae003},
    issn      = {1946-5319},
    journal   = {Journal of Legal Analysis},
    month     = jan,
    number    = {1},
    pages     = {64–93},
    publisher = {Oxford University Press (OUP)},
    title     = {Large Legal Fictions: Profiling Legal Hallucinations in Large Language Models},
    url       = {http://dx.doi.org/10.1093/jla/laae003},
    volume    = {16},
    year      = {2024}
}


@article{aletras2016predicting,
    author  = {Aletras, Nikolaos and Tsarapatsanis, Dimitrios and Preotiuc-Pietro, Daniel and others},
    doi     = {10.7717/peerj-cs.93},
    journal = {PeerJ computer science},
    pages   = {93},
    title   = {Predicting judicial decisions of the european court of human rights: A natural language processing perspective},
    volume  = {2},
    year    = {2016}
}




@inproceedings{boella2011using,
    author    = {Boella, G. and Di Caro, L. and Humphreys, L.},
    booktitle = {Fifth International Workshop on Juris-informatics},
    title     = {Using Classification to Support Legal Knowledge Engineers in the Eunomos Legal Document Management System},
    year      = {2011}
}

@article{brown2020language,
    author  = {Brown, T. and Mann, B. and Ryder, N. and others},
    journal = {Advances in Neural Information Processing Systems},
    pages   = {1877--1901},
    title   = {Language Models are Few-Shot Learners},
    volume  = {33},
    year    = {2020}
}

@inproceedings{chalkidis2020legal,
    address   = {Stroudsburg, PA},
    author    = {Chalkidis, Ilias and Fergadiotis, Manos and Malakasiotis, Prodromos and others},
    booktitle = {Proc of the 2020 Conf on Empirical Methods in Natural Language Processing},
    pages     = {2898--2904},
    publisher = {ACL},
    title     = {LEGAL-BERT: Preparing the muppets for court},
    year      = {2020}
}


@article{chen2013text,
    author  = {Chen, Y. and Liu, Y. and Ho, W.},
    journal = {Journal of the American Society for Information Science and Technology},
    number  = {2},
    pages   = {280--290},
    title   = {A text mining approach to assist the general public in the retrieval of legal documents},
    volume  = {64},
    year    = {2013}
}

@inproceedings{chen2020recall,
    author    = {Chen, S. and Hou, Y. and Cui, Y. and others},
    booktitle = {Proceedings of the 2020 Conference on Empirical Methods in Natural Language Processing},
    pages     = {7870--7881},
    title     = {Recall and Learn: Fine-tuning Deep Pretrained Language Models with Less Forgetting},
    year      = {2020}
}

@misc{cheng2025legal,
    author = {Cheng, F. D.},
    note   = {[Online; accessed 2025-03-11]},
    title  = {Legal Consultation Data and Corpus from China Law Network: Replication Data for Design and Research of Text Classification System},
    url    = {https://doi.org/10.18170/DVN/OLO4G8},
    year   = {2025}
}

@article{cui2021pre,
    author  = {Cui, Yiming and Che, Wanxiang and Liu, Ting and others},
    doi     = {10.1109/TASLP.2021.3124365},
    journal = {IEEE/ACM Transactions on Audio, Speech, and Language Processing},
    pages   = {3504--3514},
    title   = {Pre-training with whole word masking for chinese BERT},
    volume  = {29},
    year    = {2021}
}

@article{cui2023survey,
    author  = {Cui, J. and Shen, X. and Wen, S.},
    journal = {IEEE Access},
    pages   = {102050--102071},
    title   = {A Survey on Legal Judgment Prediction: Datasets, Metrics, Models and Challenges},
    volume  = {11},
    year    = {2023}
}


@article{deepa2021bidirectional,
    author  = {Deepa, M.},
    journal = {Turkish Journal of Computer and Mathematics Education (TURCOMAT)},
    number  = {7},
    pages   = {1708--1721},
    title   = {Bidirectional Encoder Representations from Transformers (BERT) Language Model for Sentiment Analysis Task},
    volume  = {12},
    year    = {2021}
}

@inproceedings{deng2023syllogistic,
    author    = {Deng, W. and Pei, J. and Kong, K. and others},
    booktitle = {Proceedings of the 2023 Conference on Empirical Methods in Natural Language Processing},
    pages     = {13997--14009},
    title     = {Syllogistic Reasoning for Legal Judgment Analysis},
    year      = {2023}
}

@inproceedings{devlin2019bert,
    author    = {Devlin, J. and Chang, M. and Lee, K. and others},
    booktitle = {Proceedings of the 2019 Conference of the North American Chapter of the Association for Computational Linguistics},
    pages     = {4171--4186},
    title     = {BERT: Pre-training of Deep Bidirectional Transformers for Language Understanding},
    year      = {2019}
}

@inproceedings{dong2021legal,
    address   = {New York},
    author    = {Dong, Qian and Niu, Shuzi},
    booktitle = {Proc of the 44th Int ACM SIGIR Conf on Research and Development in Information Retrieval},
    pages     = {983--992},
    publisher = {ACM},
    title     = {Legal judgment prediction via relational learning},
    year      = {2021}
}

@inproceedings{du2022glm,
    author    = {Du, Z. and Qian, Y. and Liu, X. and others},
    booktitle = {Proceedings of the 60th Annual Meeting of the Association for Computational Linguistics},
    pages     = {320--335},
    title     = {GLM: General Language Model Pretraining with Autoregressive Blank Infilling},
    year      = {2022}
}

@article{fan2022multi,
    author  = {Fan, A. M. and Wang, Y. C.},
    journal = {Microelectronics \& Computer},
    number  = {9},
    pages   = {107--114},
    title   = {Multi Task Intelligent Legal Judgment Method Based on BERT Model},
    volume  = {39},
    year    = {2022}
}

@article{fei2023lawbench,
    author  = {Fei, Z. and Shen, X. and Zhu, D. and others},
    journal = {arXiv:2309.16289},
    title   = {LawBench: Benchmarking Legal Knowledge of Large Language Models},
    year    = {2023}
}

@inproceedings{feng2022legal,
    address   = {Stroudsburg, PA},
    author    = {Feng, Yi and Li, Chuanyi and Vincent, N.},
    booktitle = {Proc of the 60th Annual Meeting of the Association for Computational Linguistics},
    pages     = {648--664},
    publisher = {ACL},
    title     = {Legal judgment prediction via event extraction with constraints},
    year      = {2022}
}

@inproceedings{goncalves2005evaluating,
    author    = {Gonçalves, T. and Quaresma, P.},
    booktitle = {Proceedings of the Conference of the Brazilian Computer Society},
    title     = {Evaluating Preprocessing Techniques in a Text Classification Problem},
    year      = {2005}
}

@inproceedings{houlsby2019parameter,
    author    = {Houlsby, N. and Giurgiu, A. and Jastrzebski, S. and others},
    booktitle = {Proceedings of the 36th International Conference on Machine Learning},
    pages     = {2790--2799},
    publisher = {PMLR},
    title     = {Parameter-Efficient Transfer Learning for NLP},
    year      = {2019}
}

@inproceedings{hu2018few,
    address   = {Stroudsburg, PA},
    author    = {Hu, Zikun and Li, Xiang and Tu, Cunchao and others},
    booktitle = {Proc of the 27th Int Conf on Computational Linguistics},
    pages     = {487--498},
    publisher = {ACL},
    title     = {Few-shot charge prediction with discriminative legal attributes},
    year      = {2018}
}


@article{hu2021lora,
    author  = {Hu, E. J. and Shen, Y. and Wallis, P. and others},
    journal = {arXiv:2106.09685},
    title   = {LoRA: Low-Rank Adaptation of Large Language Models},
    year    = {2021}
}

@inproceedings{hu2022lora,
    author    = {Hu, Edward and Shen, Yelong and Wallis, Phillip and others},
    booktitle = {Proc of the 10th Intl Conf on Learning Representations},
    note      = {[Online; accessed 2025-01-04]},
    title     = {LoRA: Low-rank adaptation of large language models},
    url       = {https://openreview.net/forum?id=nZeVKeeFYf9},
    year      = {2022}
}

@article{huang2019improved,
    author  = {Huang, N. and He, J. and Sun, J. and others},
    journal = {Journal of Beijing University of Technology},
    number  = {8},
    pages   = {742--748},
    title   = {Improved Lawformer-based Approach for Forecasting Crimes},
    volume  = {45},
    year    = {2019}
}

@article{huang2022towards,
    author  = {Huang, J. and Chang, K.},
    journal = {arXiv preprint, arXiv:2212.10403},
    title   = {Towards reasoning in large language models: A survey},
    year    = {2022}
}

@article{huang2023lawyer,
    author  = {Huang, Q. and Tao, M. and Zhang, C. and others},
    journal = {arXiv:2305.15062},
    title   = {Lawyer LLaMA Technical Report},
    year    = {2023}
}

@inproceedings{izacard2021leveraging,
    address   = {Stroudsburg, PA},
    author    = {Izacard, Gautier and Grave, Edouard},
    booktitle = {Proc of the 16th Conf of the European Chapter of the Association for Computational Linguistics},
    pages     = {874--880},
    publisher = {ACL},
    title     = {Leveraging passage retrieval with generative models for open domain question answering},
    year      = {2021}
}

@inproceedings{jiang2018interpretable,
    address   = {Stroudsburg, PA},
    author    = {Jiang, Xin and Ye, Hai and Luo, Zhunchen and others},
    booktitle = {Proc of the 27th Int Conf on Computational Linguistics},
    pages     = {146--151},
    publisher = {ACL},
    title     = {Interpretable rationale augmented charge prediction system},
    year      = {2018}
}

@inproceedings{jiang2023legal,
    author    = {Jiang, C. and Yang, X.},
    booktitle = {Proceedings of the Nineteenth International Conference on Artificial Intelligence and Law},
    pages     = {417--421},
    title     = {Legal Syllogism Prompting: Teaching Large Language Models for Legal Judgment Prediction},
    year      = {2023}
}



@article{katz2017general,
    author  = {Katz, Daniel M. and Bommarito, Michael J. and Blackman, Josh},
    journal = {Plos One},
    number  = {4},
    pages   = {0174698},
    title   = {A general approach for predicting the behavior of the supreme court of the united states},
    volume  = {12},
    year    = {2017}
}

@article{keown1980mathematical,
    author  = {Keown, R.},
    journal = {UIC John Marshall Journal of Information Technology \& Privacy Law},
    number  = {1},
    pages   = {29},
    title   = {Mathematical Models For Legal Prediction, 2 Computer L. J. 829 (1980)},
    volume  = {2},
    year    = {1980}
}

@inproceedings{kianmehr2006crime,
    author    = {Kianmehr, K. and Alhajj, R.},
    booktitle = {IEEE International Conference on Computer Systems and Applications},
    pages     = {952--959},
    title     = {Crime Hot-Spots Prediction Using Support Vector Machine},
    year      = {2006}
}

@inproceedings{kim2015legal,
    author    = {Kim, M. and Xu, Y. and Goebel, R.},
    booktitle = {New Frontiers in Artificial Intelligence},
    pages     = {244--258},
    title     = {Legal Question Answering Using Ranking SVM and Syntactic/Semantic Similarity},
    year      = {2015}
}

@article{kojima2022large,
    author  = {Kojima, T. and Gu, S. and Reid, M. and others},
    journal = {Advances in Neural Information Processing Systems},
    pages   = {22199--22213},
    title   = {Large Language Models are Zero-Shot Reasoners},
    volume  = {35},
    year    = {2022}
}

@article{kort1957predicting,
    author  = {Kort, Fred},
    doi     = {10.2307/1951767},
    journal = {The American Political Science Review},
    number  = {1},
    pages   = {1--12},
    title   = {Predicting supreme court decisions mathematically: A quantitative analysis of the “right to counsel” cases},
    volume  = {51},
    year    = {1957}
}



@article{lewis2020retrieval,
    author  = {Lewis, P. and Perez, E. and Piktus, A. and others},
    journal = {Advances in Neural Information Processing Systems},
    pages   = {9459--9474},
    title   = {Retrieval-Augmented Generation for Knowledge-Intensive NLP Tasks},
    volume  = {33},
    year    = {2020}
}

@article{li2021prefix,
    author  = {Li, X. L. and Liang, P.},
    journal = {arXiv:2101.00190},
    title   = {Prefix-Tuning: Optimizing Continuous Prompts for Generation},
    year    = {2021}
}
@inproceedings{lin2012exploiting,
    author    = {Lin, W. and Kuo, T. and Chang, T. and others},
    booktitle = {Proceedings of ROCLING},
    pages     = {140},
    title     = {Exploiting Machine Learning Models for Chinese Legal Documents Labeling, Case Classification, and Sentencing Prediction},
    year      = {2012}
}

@inproceedings{ling2017program,
    address   = {Stroudsburg, PA},
    author    = {Ling, Wang and Yogatama, Dani and Dyer, Chris and others},
    booktitle = {Proc of the 55th Annual Meeting of the Association for Computational Linguistics},
    pages     = {158--167},
    publisher = {ACL},
    title     = {Program induction by rationale generation: Learning to solve and explain algebraic word problems},
    year      = {2017}
}

@article{liu2004case,
    author  = {Liu, C. and Chang, C. and Ho, J.},
    journal = {Journal of Information Science and Engineering},
    number  = {4},
    pages   = {783--800},
    title   = {Case Instance Generation and Refinement for Case-Based Criminal Summary Judgments in Chinese},
    volume  = {20},
    year    = {2004}
}

@inproceedings{liu2005classifying,
    author    = {Liu, C. L. and Liao, T. M.},
    booktitle = {Asia-pacific Web Conference},
    pages     = {64--75},
    title     = {Classifying Criminal Charges in Chinese for Web-Based Legal Services},
    year      = {2005}
}


@inproceedings{liu2021robustly,
    address   = {Cham},
    author    = {Liu, Y. and Ott, M. and Goyal, N. and others},
    booktitle = {China National Conference on Chinese Computational Linguistics},
    pages     = {471--484},
    publisher = {Springer International Publishing},
    title     = {A robustly optimized BERT pre-training approach with post-training},
    year      = {2021}
}


% L2
@inproceedings{loshchilov2019decoupled,
    author    = {Loshchilov, Ilya and Hutter, Frank},
    booktitle = {Proc of the 7th Int Conf on Learning Representations},
    note      = {[Online; accessed 2025-01-04]},
    title     = {Decoupled weight decay regularization},
    url       = {https://openreview.net/forum?id=Bkg6RiCqY7},
    year      = {2019}
}

@inproceedings{luo2017learning,
    address   = {Stroudsburg, PA},
    author    = {Luo, Bingfeng and Feng, Yansong and Xu, Jianbo and others},
    booktitle = {Proc of the 2017 Conf on Empirical Methods in Natural Language Processing},
    pages     = {2727--2736},
    publisher = {ACL},
    title     = {Learning to predict charges for Criminal cases with legal basis},
    year      = {2017}
}



@article{lv2022improving,
    author  = {Lv, Yougang and Wang, Zihan and Ren, Zhaochun and others},
    journal = {Information Processing \& Management},
    number  = {1},
    pages   = {102780},
    title   = {Improving legal judgment prediction through reinforced criminal element extraction},
    volume  = {59},
    year    = {2022}
}

@book{ma2021law,
    address   = {Beijing},
    author    = {Ma, C. S.},
    publisher = {Law Press China},
    title     = {Law Towards a Digital Society},
    year      = {2021}
}
%%
@article{nagel1963applying,
    author  = {Nagel, S.},
    journal = {Texas Law Review},
    pages   = {1006--1018},
    title   = {Applying correlation analysis to case prediction},
    volume  = {42},
    year    = {1963}
}


@article{nye2021show,
    author  = {Nye, Maxwell and Andreassen, Anders and Ari, G. and others},
    journal = {arXiv preprint, arXiv:2112.00114},
    title   = {Show your work: Scratchpads for intermediate computation with language models},
    year    = {2021}
}

@inproceedings{oana-maria2018e-snli,
    address   = {Cambridge, MA},
    author    = {Oana-Maria, C. and Tim, R. and Thomas, L. and others},
    booktitle = {Proc of the 31st Advances in Neural Information Processing Systems},
    pages     = {9560--9572},
    publisher = {MIT Press},
    title     = {e-snli: Natural language inference with natural language explanations},
    year      = {2018}
}

@inproceedings{omar2007using,
    address   = {Stroudsburg, PA},
    author    = {Omar, Z. and Jason, E. and Christine, D.},
    booktitle = {Proc of the 2007 Conf of the North American Chapter of the Association for Computational Linguistics},
    pages     = {260--267},
    publisher = {ACL},
    title     = {Using "annotator rationales" to improve machine learning for text categorization},
    year      = {2007}
}

@inproceedings{pan2019charge,
    address   = {Berlin},
    author    = {Pan, Sicheng and Lu, Tun and Gu, Ning and others},
    booktitle = {Proc of the 14th ChineseCSCW},
    pages     = {766--777},
    publisher = {Springer},
    title     = {Charge prediction for multidefendant cases with multi-scale attention},
    year      = {2019}
}

@inproceedings{papineni2002bleu,
    author    = {Papineni, K. and Roukos, S. and Ward, T. and others},
    booktitle = {Proceedings of the 40th Annual Meeting of the Association for Computational Linguistics},
    pages     = {311--318},
    title     = {BLEU: a Method for Automatic Evaluation of Machine Translation},
    year      = {2002}
}

@inproceedings{peters2018deep,
    author    = {Peters, M. and Neumann, M. and Iyyer, M. and others},
    booktitle = {Proceedings of the 2018 Conference of the North American Chapter of the Association for Computational Linguistics},
    pages     = {2227--2237},
    title     = {Deep Contextualized Word Representations},
    year      = {2018}
}

@article{pitoura2017measuring,
    author  = {Pitoura, Evaggelia and Tsaparas, Panayiotis and Flouris, Giorgos and others},
    journal = {ACM SIGMOD Record},
    number  = {4},
    pages   = {16--21},
    title   = {On measuring bias in online information},
    volume  = {46},
    year    = {2017}
}

@misc{radford2025improving,
    author = {Radford, A. and Narasimhan, K. and Salimans, T. and others},
    note   = {[Online; accessed 2025-03-11]},
    title  = {Improving Language Understanding by Generative Pre-Training},
    url    = {https://www.mikecaptain.com/resources/pdf/GPT-1.pdf},
    year   = {2025}
}

@article{raffel2020exploring,
    author  = {Raffel, Colin and Shazeer, Noam and Roberts, Adam and others},
    journal = {Journal of Machine Learning Research},
    number  = {140},
    pages   = {1--67},
    title   = {Exploring the limits of transfer learning with a unified text-to-text transformer},
    volume  = {21},
    year    = {2020}
}


@inproceedings{rajani2019explain,
    address   = {Stroudsburg, PA},
    author    = {Rajani, Nazneen and McCann, Bryan and Xiong, Caiming and others},
    booktitle = {Proc of the 57th Annual Meeting of the Association for Computational Linguistics},
    pages     = {4932--4942},
    publisher = {ACL},
    title     = {Explain yourself'! leveraging language models for commonsense reasoning},
    year      = {2019}
}

@article{segal1984predicting,
    author  = {Segal, J.},
    doi     = {10.2307/1955796},
    journal = {American Political Science Review},
    number  = {4},
    pages   = {891--900},
    title   = {Predicting supreme court cases probabilistically: The search and seizure cases, 1962-1981},
    volume  = {78},
    year    = {1984}
}

@article{shu2024large,
    author  = {Shu, Wentao and Li, Ruixiao and Sun, Tianxiang and others},
    doi     = {10.7544/issn1000-1239.202330303},
    journal = {Computer Research and Development},
    note    = {(in Chinese)},
    number  = {2},
    pages   = {351--361},
    title   = {Large-scale language modeling: Principles, implementation and development},
    volume  = {61},
    year    = {2024}
}

@book{silver2012signal,
    author    = {Silver, N.},
    publisher = {Penguin},
    title     = {The Signal and the Noise: Why So Many Predictions Fail-But Some Don’t},
    year      = {2012}
}

@inproceedings{sulea2017exploring,
    author    = {Sulea, Oana and Zampieri, Marcos and Malmasi, Shervin and others},
    booktitle = {Proc of the 2nd Workshop on Automated Semantic Analysis of Information in Legal Texts Co-located with the 16th Int Conf on Artificial Intelligence and Law},
    note      = {[Online; accessed 2025-01-01]},
    title     = {Exploring the use of text classification in the legal domain},
    url       = {https://ceur-ws.org/Vol-2143/paper5.pdf},
    year      = {2017}
}



@article{susskind1986expert,
    author  = {Susskind, R.},
    journal = {The Modern Law Review},
    number  = {2},
    pages   = {168--194},
    title   = {Expert Systems in Law: A Jurisprudential Approach to Artificial Intelligence and Legal Reasoning},
    volume  = {49},
    year    = {1986}
}

@inproceedings{talmor2019leap,
    address   = {Cambridge, MA},
    author    = {Talmor, Alon and Tafjord, Oyvind and Clark, Peter and others},
    booktitle = {Proc of the 33rd Advances in Neural Information Processing Systems},
    note      = {[Online; accessed 2025-01-04]},
    publisher = {MIT Press},
    title     = {Leap-of-thought: Teaching pre-trained models to systematically reason over implicit knowledge},
    url       = {https://proceedings.neurips.cc/paper_files/paper/2020/hash/e992111e4ab9985366e806733383bd8c-Abstract.html},
    year      = {2019}
}

@article{trautmann2022legal,
    author  = {Trautmann, D. and Petrova, A. and Schilder, F.},
    journal = {arXiv:2212.02199},
    title   = {Legal Prompt Engineering for Multilingual Legal Judgement Prediction},
    year    = {2022}
}

@inproceedings{wang2019hierarchical,
    address   = {New York},
    author    = {Wang, Pengfei and Fan, Yu and Niu, Shuzi and others},
    booktitle = {Proc of the 42nd int ACM SIGIR Conf Research and Development in Information Retrieval},
    pages     = {325--334},
    publisher = {ACM},
    title     = {Hierarchical matching network for crime classification},
    year      = {2019}
}

@inproceedings{wang2023self,
    author    = {Wang, Xuezhi and Wei, Jason and Schuurmans, Dale and others},
    booktitle = {Proc of the 11th Int Conf on Learning Representations},
    note      = {[Online; accessed 2025-01-04]},
    title     = {Self-consistency improves chain of thought reasoning in language models},
    url       = {https://openreview.net/forum?id=1PL1NIMMrw},
    year      = {2023}
}

@article{wei2022chain,
    author  = {Wei, Jason and Wang, Xuezhi and Schuurmans, Dale and others},
    journal = {arXiv preprint, arXiv:2201.11903},
    title   = {Chain of thought prompting elicits reasoning in large Ianguage models},
    year    = {2022}
}

@article{wen2024review,
    author  = {Wen, S. and Qian, L. and Hu, H. and others},
    journal = {Data Analysis and Knowledge Discovery},
    number  = {6},
    pages   = {16--29},
    title   = {Review of Research Progress on Question-Answering Techniques Based on Large Language Models},
    volume  = {8},
    year    = {2024}
}

@inproceedings{wu2020de-biased,
    author    = {Wu, Y. and Kuang, K. and Zhang, Y. and others},
    booktitle = {Proceedings of the 2020 Conference on Empirical Methods in Natural Language Processing},
    pages     = {763--780},
    title     = {De-Biased Court’s View Generation with Causality},
    year      = {2020}
}

@article{xiao2018cail2018,
    author  = {Xiao, Chaojun and Zhong, Haoxi and Guo, Zhipeng and others},
    journal = {arXiv preprint, arXiv:1807.02478},
    title   = {CAIL2018: A large-scale legal dataset for judgment prediction},
    year    = {2018}
}

@article{xiao2021lawformer,
    author  = {Xiao, Chaojun and Hu, Xueyu and Liu, Zhiyuan and others},
    doi     = {10.1016/j.aiopen.2021.06.003},
    journal = {Al Open},
    pages   = {79--84},
    title   = {Lawformer: A pre-trained language model for chinese legal long documents},
    volume  = {2},
    year    = {2021}
}



@inproceedings{xu2020distinguish,
    address   = {Stroudsburg, PA},
    author    = {Xu, Nuo and Wang, Pinghui and Chen, Long and others},
    booktitle = {Proc of the 58th Annual Meeting of the Association for Computational Linguistics},
    pages     = {3086--3095},
    publisher = {ACL},
    title     = {Distinguish contusing law articles for legal judgment prediction},
    year      = {2020}
}

@article{xu2023superclue,
    author  = {Xu, L. and Li, A. and Zhu, L. and others},
    journal = {arXiv:2307.15020},
    title   = {Superclue: A Comprehensive Chinese Large Language Model Benchmark},
    year    = {2023}
}

@article{yang2023baichuan,
    author  = {Yang, A. and Xiao, B. and Wang, B. and others},
    journal = {arXiv:2309.10305},
    title   = {Baichuan 2: Open Large-scale Language Models},
    year    = {2023}
}

@inproceedings{yao2020refining,
    address   = {Cambridge, MA},
    author    = {Yao, Huihan and Chen, Ying and Ye, Qinyuan and others},
    booktitle = {Proc of the 34th Advances in Neural Information Processing Systems},
    pages     = {8954--8967},
    publisher = {MIT Press},
    title     = {Refining language models with compositional explanations},
    year      = {2020}
}

@inproceedings{ye2018interpretable,
    author    = {Ye, H. and Jiang, X. and Luo, Z. and others},
    booktitle = {Proceedings of the 2018 Conference of the North American Chapter of the Association for Computational Linguistics},
    pages     = {1854--1864},
    title     = {Interpretable Charge Predictions for Criminal Cases: Learning to Generate Court Views from Fact Descriptions},
    year      = {2018}
}

@article{yu2022legal,
    author  = {Yu, F. and Quartey, L. and Schilder, F.},
    journal = {arXiv:2212.01326},
    title   = {Legal Prompting: Teaching a Language Model to think like a Lawyer},
    year    = {2022}
}

@inproceedings{yue2021circumstances,
    author    = {Yue, L. and Liu, Q. and Wu, H. and others},
    booktitle = {Proceedings of the 44th International ACM SIGIR Conference on Research and Development in Information Retrieval},
    pages     = {1855--1859},
    title     = {Circumstances enhanced Criminal Court View Generation},
    year      = {2021}
}

@inproceedings{yue2021neurjudge,
    address   = {New York},
    author    = {Yue, Linan and Liu, Qi and Jin, Binbin and others},
    booktitle = {Proc of the 44th Int ACM SIGIR Conf on Research and Development in Information Retrieval},
    pages     = {973--982},
    publisher = {ACM},
    title     = {Neurjudge: A circumstance-aware neural framework for legal judgment prediction},
    year      = {2021}
}


@inproceedings{zeleznikow1995split,
    author    = {Zeleznikow, J. and Stranieri, A.},
    booktitle = {Proceedings of the 5th International Conference on Artificial Intelligence and Law},
    pages     = {185--194},
    title     = {The Split-up System: Integrating Neural Networks and Rule-Based Reasoning in the Legal Domain},
    year      = {1995}
}

@inproceedings{zelikman2024star,
    author    = {Zelikman, E. and Wu, Y. and Mu, J. and others},
    booktitle = {Proceedings of the 36th International Conference on Neural Information Processing Systems},
    pages     = {15476--15488},
    title     = {STaR: self-taught reasoner bootstrapping reasoning with reasoning},
    year      = {2024}
}

@article{zhang2023contrastive,
    author  = {Zhang, Han and Dou, Zhicheng and Zhu, Yutao and others},
    journal = {ACM Transactions on Information Systems},
    number  = {4},
    pages   = {1--25},
    title   = {Contrastive learning for legal judgment prediction},
    volume  = {41},
    year    = {2023}
}

@article{zhang2024comprehensive,
    author  = {Zhang, Q. T. and Wang, Y. C. and Wang, H. X. and others},
    journal = {Computer Engineering and Applications},
    number  = {17},
    pages   = {17--33},
    title   = {A Comprehensive Review of Large Language Model Fine-tuning},
    volume  = {60},
    year    = {2024}
}

@inproceedings{zhao2022charge,
    author    = {Zhao, J. and Guan, Z. and Xu, C. and others},
    booktitle = {International Joint Conferences on Artificial Intelligence Organization},
    pages     = {4517--4523},
    title     = {Charge Prediction by Constitutive Elements Matching of Crimes},
    year      = {2022}
}

@article{zhao2024security,
    author  = {Zhao, Y. and He, J. W. and Zhu, S. C. and others},
    journal = {Computer Science},
    number  = {1},
    pages   = {68--71},
    title   = {Security of Large Language Models: Current Status and Challenges},
    volume  = {51},
    year    = {2024}
}

@inproceedings{zheng2021when,
    author    = {Zheng, L. and Guha, N. and Anderson, B. and others},
    booktitle = {Proceedings of the Eighteenth International Conference on Artificial Intelligence and Law},
    pages     = {159--168},
    title     = {When does pre-training help? assessing self-supervised learning for law and the CaseHOLD dataset of 53,000+ legal holdings},
    year      = {2021}
}

@article{zheng2024embedding,
    author  = {Zheng, Y.},
    journal = {Jianghai Academic Journal},
    number  = {3},
    pages   = {172--180, 256},
    title   = {The Embedding of Artificial Intelligence in the Rule of Law: A Jurisprudential Reflection of Intelligent Justice},
    year    = {2024}
}

@inproceedings{zhong2018legal,
    address   = {Stroudsburg, PA},
    author    = {Zhong, Haoxi and Guo, Zhipeng and Tu, Cunchao and others},
    booktitle = {Proc of the 2018 Conf on Empirical Methods in Natural Language Processing},
    pages     = {3540--3549},
    publisher = {ACL},
    title     = {Legal judgment prediction via topological learning},
    year      = {2018}
}



@inproceedings{zhong2020iteratively,
    address   = {Palo Alto, CA},
    author    = {Zhong, Haoxi and Wang, Yuzhong and Tu, Cunchao and others},
    booktitle = {Proc of the 34th AAAI Conf on Artificial Intelligence},
    pages     = {1250--1257},
    publisher = {AAAI},
    title     = {Iteratively questioning and answering for interpretable legal judgment prediction},
    year      = {2020}
}

@inproceedings{zhong2020jec-qa,
    author    = {Zhong, H. and Xiao, C. and Tu, C. and others},
    booktitle = {Proceedings of the AAAI Conference on Artificial Intelligence},
    pages     = {9701--9708},
    title     = {JEC-QA: a Legal-domain Question Answering Dataset},
    year      = {2020}
}



